@inproceedings{Angeline:1993:CEE:645513.657590,
 author = {Angeline, Peter J. and Pollack, Jordan B.},
 title = {Competitive Environments Evolve Better Solutions for Complex Tasks},
 booktitle = {Proceedings of the 5th International Conference on Genetic Algorithms},
 year = {1993},
 isbn = {1-55860-299-2},
 pages = {264--270},
 numpages = {7},
 url = {http://dl.acm.org/citation.cfm?id=645513.657590},
 acmid = {657590},
 publisher = {Morgan Kaufmann Publishers Inc.},
 address = {San Francisco, CA, USA},
}

@inproceedings{alhejali2011using,
  title={Using a training camp with genetic programming to evolve Ms Pac-Man agents},
  author={Alhejali, Atif M and Lucas, Simon M},
  booktitle={2011 IEEE Conference on Computational Intelligence and Games (CIG'11)},
  pages={118--125},
  year={2011},
  organization={IEEE}
}


@article{luke1998genetic,
  title={Genetic programming produced competitive soccer softbot teams for robocup97},
  author={Luke, Sean and others},
  journal={Genetic Programming},
  volume={1998},
  pages={214--222},
  year={1998}
}

@inproceedings{reynolds1994competition,
  title={Competition, coevolution and the game of tag},
  author={Reynolds, Craig W},
  booktitle={Proceedings of the Fourth International Workshop on the Synthesis and Simulation of Living Systems},
  pages={59--69},
  year={1994}
}


@inproceedings{Jaskowski:2008:FC:1389095.1389161,
 author = {Ja\'{s}kowski, Wojciech and Krawiec, Krzysztof and Wieloch, Bartosz},
 title = {Fitnessless Coevolution},
 booktitle = {Proceedings of the 10th Annual Conference on Genetic and Evolutionary Computation},
 series = {GECCO '08},
 year = {2008},
 isbn = {978-1-60558-130-9},
 location = {Atlanta, GA, USA},
 pages = {355--362},
 numpages = {8},
 url = {http://doi.acm.org/10.1145/1389095.1389161},
 doi = {10.1145/1389095.1389161},
 acmid = {1389161},
 publisher = {ACM},
 address = {New York, NY, USA},
 keywords = {games, one-population coevolution, selection methods},
} 


@ARTICLE{7792145,
author={G. {Mart√≠nez-Arellano} and R. {Cant} and D. {Woods}},
journal={IEEE Transactions on Computational Intelligence and AI in Games},
title={Creating AI Characters for Fighting Games Using Genetic Programming},
year={2017},
volume={9},
number={4},
pages={423-434},
keywords={artificial intelligence;computer games;genetic algorithms;character generation approach;engaging AI characters;genetic programming algorithm;M.U.G.E.N. fighting game;randomly generated character strategies;tournament selection;Games;Learning (artificial intelligence);Genetic programming;Adaptation models;Real-time systems;Genetic algorithms;AI;character;fighting games;genetic programming (GP)},
doi={10.1109/TCIAIG.2016.2642158},
ISSN={1943-0698},
month={Dec},}